@misc{ wiki:gps,
   author = "Wikipedia",
   title = "Global Positioning System --- Wikipedia{,} The Free Encyclopedia",
   year = "2015",
   howpublished = "\url{https://en.wikipedia.org/w/index.php?title=Global_Positioning_System&oldid=679232332}",
   note = "[Online; Dostopano 6. 9. 2015]"
}

@misc{ wiki:ccd,
   author = "Wikipedia",
   title = "Charge-coupled device --- Wikipedia{,} The Free Encyclopedia",
   year = "2015",
   howpublished = "\url{https://en.wikipedia.org/w/index.php?title=Charge-coupled_device&oldid=679480626}",
   note = "[Online; Dostopano 6. 9. 2015]"
}

@misc{ wiki:trilateration,
   author = "Wikipedia",
   title = "Trilateration --- Wikipedia{,} The Free Encyclopedia",
   year = "2015",
   howpublished = "\url{https://en.wikipedia.org/w/index.php?title=Trilateration&oldid=677686385}",
   note = "[Online; Dostopano 6. 9. 2015]"
}

@misc{ wiki:triangulation,
   author = "Wikipedia",
   title = "Triangulation --- Wikipedia{,} The Free Encyclopedia",
   year = "2015",
   howpublished = "\url{https://en.wikipedia.org/w/index.php?title=Triangulation&oldid=677068010}",
   note = "[Online; Dostopano 6. 9. 2015]"
}

@misc{ wiki:multilateration,
   author = "Wikipedia",
   title = "Multilateration --- Wikipedia{,} The Free Encyclopedia",
   year = "2015",
   howpublished = "\url{https://en.wikipedia.org/w/index.php?title=Multilateration&oldid=678002521}",
   note = "[Online; Dostopano 6. 9. 2015]"
}

@misc{ fma,
   author = "Raffaello D'Andrea",
   title = "Flying Machine Arena",
   year = "2015",
   howpublished = "\url{http://raffaello.name/projects/flying-machine-arena/}",
   note = "[Online; Dostopano 6. 9. 2015]"
}

@inproceedings{mandal2005beep,
  title={Beep: 3D indoor positioning using audible sound},
  author={Mandal, Atri and Lopes, Cristina V and Givargis, Tony and Haghighat, Amir and Jurdak, Raja and Baldi, Pierre},
  booktitle={Consumer Communications and Networking Conference, 2005. CCNC. 2005 Second IEEE},
  pages={348--353},
  year={2005},
  organization={IEEE}
}

@article{chan2013dynamic,
  title={Dynamic WIFI-Based Indoor Positioning in 3D Virtual World},
  author={Chan, S and Sohn, G and Wang, L and Lee, W},
  journal={ISPRS-International Archives of the Photogrammetry, Remote Sensing and Spatial Information Sciences},
  volume={1},
  number={4},
  pages={1--6},
  year={2013}
}

@article{auer20033d,
  title={3D Positioning Acquisition System with Application in Real-Time Processing},
  author={Auer, V and Maes, MM and Bonfim, MJC and Wanderley, MM and Lamar, MV},
  journal={Accessed: October},
  volume={1},
  year={2003},
  publisher={Citeseer}
}

@incollection{li2008development,
  title={Development of a 3D high-precise positioning system based on a planar target and two CCD cameras},
  author={Li, Jinjun and Zhao, Hong and Jiang, Tao and Zhou, Xiang},
  booktitle={Intelligent Robotics and Applications},
  pages={475--484},
  year={2008},
  publisher={Springer}
}

@inproceedings{mohedano2008robust,
  title={Robust 3d people tracking and positioning system in a semi-overlapped multi-camera environment},
  author={Mohedano, Ra{\'u}l and Del-Blanco, Carlos R and Jaureguizar, Fernando and Salgado, Luis and Garc{\'\i}a, Narciso},
  booktitle={Image Processing, 2008. ICIP 2008. 15th IEEE International Conference on},
  pages={2656--2659},
  year={2008},
  organization={IEEE}
}

@inproceedings{lee2013real,
  title={Real-Time Object Detection, Tracking, and 3d Positioning in a Multiple Camera Setup},
  author={Lee, YJ and Yilmaz, A},
  booktitle={The ISPRS Workshop on Image Sequence Analysis},
  year={2013}
}

@article{horn2000tsai,
  title={Tsaiâ€™s camera calibration method revisited},
  author={Horn, Berthold KP},
  journal={Online: http://people. csail. mit. edu/bkph/articles/Tsai\_Revisited. pdf},
  year={2000}
}

@article{zhang2000flexible,
  title={A flexible new technique for camera calibration},
  author={Zhang, Zhengyou},
  journal={Pattern Analysis and Machine Intelligence, IEEE Transactions on},
  volume={22},
  number={11},
  pages={1330--1334},
  year={2000},
  publisher={IEEE}
}